%% This BibTeX bibliography file was created using BibDesk.
%% http://bibdesk.sourceforge.net/


%% Created for Antti JÃ¤rvinen at 2009-11-23 21:09:36 +0200 


%% Saved with string encoding Unicode (UTF-8) 



@misc{mysql,
	Author = {MySQL AB},
	Date-Added = {2009-11-23 21:07:27 +0200},
	Date-Modified = {2009-11-23 21:09:23 +0200},
	Keywords = {scaling},
	Month = {5},
	Title = {Guide to Cost-effective Database Scale-Out using MySQL},
	Url = {http://www.mysql.com/why-mysql/white-papers/mysql_wp_scaleout.php},
	Year = {2009},
	Bdsk-File-1 = {YnBsaXN0MDDUAQIDBAUIJidUJHRvcFgkb2JqZWN0c1gkdmVyc2lvblkkYXJjaGl2ZXLRBgdUcm9vdIABqAkKFRYXGyIjVSRudWxs0wsMDQ4RFFpOUy5vYmplY3RzV05TLmtleXNWJGNsYXNzog8QgASABqISE4ACgAOAB1lhbGlhc0RhdGFccmVsYXRpdmVQYXRo0hgNGRpXTlMuZGF0YU8RAboAAAAAAboAAgAADE1hY2ludG9zaCBIRAAAAAAAAAAAAAAAAAAAAMarpiZIKwAAAAmXlxVteXNxbF93cF9zY2FsZW91dC5wZGYAAAAAAAAAAAAAAAAAAAAAAAAAAAAAAAAAAAAAAAAAAAAAAAAAAAAAAAAADQ8NxzCp/VBERiBwcnZ3AAEAAwAACSAAAAAAAAAAAAAAAAAAAAAKUmVmZXJlbmNlcwAQAAgAAMare/YAAAARAAgAAMcwjd0AAAABABQACZeXAAmXewAH+UkAB/k8AACQ5wACAEZNYWNpbnRvc2ggSEQ6VXNlcnM6YWo6RG9jdW1lbnRzOkdyYWR1OlJlZmVyZW5jZXM6bXlzcWxfd3Bfc2NhbGVvdXQucGRmAA4ALAAVAG0AeQBzAHEAbABfAHcAcABfAHMAYwBhAGwAZQBvAHUAdAAuAHAAZABmAA8AGgAMAE0AYQBjAGkAbgB0AG8AcwBoACAASABEABIAOVVzZXJzL2FqL0RvY3VtZW50cy9HcmFkdS9SZWZlcmVuY2VzL215c3FsX3dwX3NjYWxlb3V0LnBkZgAAEwABLwAAFQACAAn//wAAgAXSHB0eH1gkY2xhc3Nlc1okY2xhc3NuYW1lox8gIV1OU011dGFibGVEYXRhVk5TRGF0YVhOU09iamVjdF8QIFJlZmVyZW5jZXMvbXlzcWxfd3Bfc2NhbGVvdXQucGRm0hwdJCWiJSFcTlNEaWN0aW9uYXJ5EgABhqBfEA9OU0tleWVkQXJjaGl2ZXIACAARABYAHwAoADIANQA6ADwARQBLAFIAXQBlAGwAbwBxAHMAdgB4AHoAfACGAJMAmACgAl4CYAJlAm4CeQJ9AosCkgKbAr4CwwLGAtMC2AAAAAAAAAIBAAAAAAAAACgAAAAAAAAAAAAAAAAAAALq}}

@inproceedings{scaling,
	Address = {New York, NY, USA},
	Author = {Duboc, Leticia and Rosenblum, David and Wicks, Tony},
	Booktitle = {ESEC-FSE '07: Proceedings of the the 6th joint meeting of the European software engineering conference and the ACM SIGSOFT symposium on The foundations of software engineering},
	Date-Added = {2009-11-23 20:27:48 +0200},
	Date-Modified = {2009-11-23 20:28:24 +0200},
	Doi = {http://doi.acm.org/10.1145/1287624.1287679},
	Isbn = {978-1-59593-811-4},
	Keywords = {scaling},
	Location = {Dubrovnik, Croatia},
	Pages = {375--384},
	Publisher = {ACM},
	Title = {A framework for characterization and analysis of software system scalability},
	Year = {2007},
	Bdsk-Url-1 = {http://doi.acm.org/10.1145/1287624.1287679},
	Bdsk-File-1 = {YnBsaXN0MDDUAQIDBAUIJidUJHRvcFgkb2JqZWN0c1gkdmVyc2lvblkkYXJjaGl2ZXLRBgdUcm9vdIABqAkKFRYXGyIjVSRudWxs0wsMDQ4RFFpOUy5vYmplY3RzV05TLmtleXNWJGNsYXNzog8QgASABqISE4ACgAOAB1lhbGlhc0RhdGFccmVsYXRpdmVQYXRo0hgNGRpXTlMuZGF0YU8RAZ4AAAAAAZ4AAgAADE1hY2ludG9zaCBIRAAAAAAAAAAAAAAAAAAAAMarpiZIKwAAAAmXlw5wMzc1LWR1Ym9jLnBkZgAAAAAAAAAAAAAAAAAAAAAAAAAAAAAAAAAAAAAAAAAAAAAAAAAAAAAAAAAAAAAAAAAADQ1CxzCg0gAAAAAAAAAAAAEAAwAACSAAAAAAAAAAAAAAAAAAAAAKUmVmZXJlbmNlcwAQAAgAAMare/YAAAARAAgAAMcwhLIAAAABABQACZeXAAmXewAH+UkAB/k8AACQ5wACAD9NYWNpbnRvc2ggSEQ6VXNlcnM6YWo6RG9jdW1lbnRzOkdyYWR1OlJlZmVyZW5jZXM6cDM3NS1kdWJvYy5wZGYAAA4AHgAOAHAAMwA3ADUALQBkAHUAYgBvAGMALgBwAGQAZgAPABoADABNAGEAYwBpAG4AdABvAHMAaAAgAEgARAASADJVc2Vycy9hai9Eb2N1bWVudHMvR3JhZHUvUmVmZXJlbmNlcy9wMzc1LWR1Ym9jLnBkZgATAAEvAAAVAAIACf//AACABdIcHR4fWCRjbGFzc2VzWiRjbGFzc25hbWWjHyAhXU5TTXV0YWJsZURhdGFWTlNEYXRhWE5TT2JqZWN0XxAZUmVmZXJlbmNlcy9wMzc1LWR1Ym9jLnBkZtIcHSQloiUhXE5TRGljdGlvbmFyeRIAAYagXxAPTlNLZXllZEFyY2hpdmVyAAgAEQAWAB8AKAAyADUAOgA8AEUASwBSAF0AZQBsAG8AcQBzAHYAeAB6AHwAhgCTAJgAoAJCAkQCSQJSAl0CYQJvAnYCfwKbAqACowKwArUAAAAAAAACAQAAAAAAAAAoAAAAAAAAAAAAAAAAAAACxw==}}

@article{scalability,
	Address = {New York, NY, USA},
	Annote = {T{\"a}st{\"a} tuskin lienee hy{\"o}ty{\"a}. Oli l{\"a}hinn{\"a} keskusteleva ote ja lopputulos j{\"a}tti avoimen kysymyksen.},
	Author = {Hill, Mark D.},
	Date-Added = {2009-11-23 20:13:27 +0200},
	Date-Modified = {2009-11-23 20:34:56 +0200},
	Doi = {http://doi.acm.org/10.1145/121973.121975},
	Issn = {0163-5964},
	Journal = {SIGARCH Comput. Archit. News},
	Keywords = {scaling},
	Number = {4},
	Pages = {18--21},
	Publisher = {ACM},
	Rating = {1},
	Read = {Yes},
	Title = {What is scalability?},
	Volume = {18},
	Year = {1990},
	Bdsk-Url-1 = {http://doi.acm.org/10.1145/121973.121975},
	Bdsk-File-1 = {YnBsaXN0MDDUAQIDBAUIJidUJHRvcFgkb2JqZWN0c1gkdmVyc2lvblkkYXJjaGl2ZXLRBgdUcm9vdIABqAkKFRYXGyIjVSRudWxs0wsMDQ4RFFpOUy5vYmplY3RzV05TLmtleXNWJGNsYXNzog8QgASABqISE4ACgAOAB1lhbGlhc0RhdGFccmVsYXRpdmVQYXRo0hgNGRpXTlMuZGF0YU8RAZYAAAAAAZYAAgAADE1hY2ludG9zaCBIRAAAAAAAAAAAAAAAAAAAAMarpiZIKwAAAAmXlwxwMTgtaGlsbC5wZGYAAAAAAAAAAAAAAAAAAAAAAAAAAAAAAAAAAAAAAAAAAAAAAAAAAAAAAAAAAAAAAAAAAAAADQySxzCdewAAAAAAAAAAAAEAAwAACSAAAAAAAAAAAAAAAAAAAAAKUmVmZXJlbmNlcwAQAAgAAMare/YAAAARAAgAAMcwgVsAAAABABQACZeXAAmXewAH+UkAB/k8AACQ5wACAD1NYWNpbnRvc2ggSEQ6VXNlcnM6YWo6RG9jdW1lbnRzOkdyYWR1OlJlZmVyZW5jZXM6cDE4LWhpbGwucGRmAAAOABoADABwADEAOAAtAGgAaQBsAGwALgBwAGQAZgAPABoADABNAGEAYwBpAG4AdABvAHMAaAAgAEgARAASADBVc2Vycy9hai9Eb2N1bWVudHMvR3JhZHUvUmVmZXJlbmNlcy9wMTgtaGlsbC5wZGYAEwABLwAAFQACAAn//wAAgAXSHB0eH1gkY2xhc3Nlc1okY2xhc3NuYW1lox8gIV1OU011dGFibGVEYXRhVk5TRGF0YVhOU09iamVjdF8QF1JlZmVyZW5jZXMvcDE4LWhpbGwucGRm0hwdJCWiJSFcTlNEaWN0aW9uYXJ5EgABhqBfEA9OU0tleWVkQXJjaGl2ZXIACAARABYAHwAoADIANQA6ADwARQBLAFIAXQBlAGwAbwBxAHMAdgB4AHoAfACGAJMAmACgAjoCPAJBAkoCVQJZAmcCbgJ3ApEClgKZAqYCqwAAAAAAAAIBAAAAAAAAACgAAAAAAAAAAAAAAAAAAAK9}}

@article{brewer_formal,
	Address = {New York, NY, USA},
	Annote = {Sis{\"a}lt{\"a}{\"a} formaalin todistuksen CAP tulokselle.},
	Author = {Gilbert, Seth and Lynch, Nancy},
	Date-Added = {2009-11-22 12:51:18 +0200},
	Date-Modified = {2009-11-22 18:25:03 +0200},
	Doi = {http://doi.acm.org/10.1145/564585.564601},
	Issn = {0163-5700},
	Journal = {SIGACT News},
	Keywords = {CAP},
	Number = {2},
	Pages = {51--59},
	Publisher = {ACM},
	Rating = {3},
	Read = {Yes},
	Title = {Brewer's conjecture and the feasibility of consistent, available, partition-tolerant web services},
	Volume = {33},
	Year = {2002},
	Bdsk-File-1 = {YnBsaXN0MDDUAQIDBAUIJidUJHRvcFgkb2JqZWN0c1gkdmVyc2lvblkkYXJjaGl2ZXLRBgdUcm9vdIABqAkKFRYXGyIjVSRudWxs0wsMDQ4RFFpOUy5vYmplY3RzV05TLmtleXNWJGNsYXNzog8QgASABqISE4ACgAOAB1lhbGlhc0RhdGFccmVsYXRpdmVQYXRo0hgNGRpXTlMuZGF0YU8RAaIAAAAAAaIAAgAADE1hY2ludG9zaCBIRAAAAAAAAAAAAAAAAAAAAMarpiZIKwAAAAmXlw9wNTEtZ2lsYmVydC5wZGYAAAAAAAAAAAAAAAAAAAAAAAAAAAAAAAAAAAAAAAAAAAAAAAAAAAAAAAAAAAAAAAAADP68xy7kOQAAAAAAAAAAAAEAAwAACSAAAAAAAAAAAAAAAAAAAAAKUmVmZXJlbmNlcwAQAAgAAMare/YAAAARAAgAAMcuyBkAAAABABQACZeXAAmXewAH+UkAB/k8AACQ5wACAEBNYWNpbnRvc2ggSEQ6VXNlcnM6YWo6RG9jdW1lbnRzOkdyYWR1OlJlZmVyZW5jZXM6cDUxLWdpbGJlcnQucGRmAA4AIAAPAHAANQAxAC0AZwBpAGwAYgBlAHIAdAAuAHAAZABmAA8AGgAMAE0AYQBjAGkAbgB0AG8AcwBoACAASABEABIAM1VzZXJzL2FqL0RvY3VtZW50cy9HcmFkdS9SZWZlcmVuY2VzL3A1MS1naWxiZXJ0LnBkZgAAEwABLwAAFQACAAn//wAAgAXSHB0eH1gkY2xhc3Nlc1okY2xhc3NuYW1lox8gIV1OU011dGFibGVEYXRhVk5TRGF0YVhOU09iamVjdF8QGlJlZmVyZW5jZXMvcDUxLWdpbGJlcnQucGRm0hwdJCWiJSFcTlNEaWN0aW9uYXJ5EgABhqBfEA9OU0tleWVkQXJjaGl2ZXIACAARABYAHwAoADIANQA6ADwARQBLAFIAXQBlAGwAbwBxAHMAdgB4AHoAfACGAJMAmACgAkYCSAJNAlYCYQJlAnMCegKDAqACpQKoArUCugAAAAAAAAIBAAAAAAAAACgAAAAAAAAAAAAAAAAAAALM},
	Bdsk-Url-1 = {http://doi.acm.org/10.1145/564585.564601}}

@inproceedings{brewer,
	Address = {New York, NY, USA},
	Annote = {Diat. K{\"a}sittelee melko yleisell{\"a} tasolla j{\"a}rjestelmi{\"a}.},
	Author = {Brewer, Eric A.},
	Booktitle = {PODC '00: Proceedings of the nineteenth annual ACM symposium on Principles of distributed computing},
	Date-Added = {2009-11-22 12:48:48 +0200},
	Date-Modified = {2009-11-22 13:33:22 +0200},
	Doi = {http://doi.acm.org/10.1145/343477.343502},
	Isbn = {1-58113-183-6},
	Keywords = {CAP},
	Location = {Portland, Oregon, United States},
	Pages = {7},
	Publisher = {ACM},
	Rating = {2},
	Read = {Yes},
	Title = {Towards robust distributed systems (abstract)},
	Year = {2000},
	Bdsk-File-1 = {YnBsaXN0MDDUAQIDBAUIJidUJHRvcFgkb2JqZWN0c1gkdmVyc2lvblkkYXJjaGl2ZXLRBgdUcm9vdIABqAkKFRYXGyIjVSRudWxs0wsMDQ4RFFpOUy5vYmplY3RzV05TLmtleXNWJGNsYXNzog8QgASABqISE4ACgAOAB1lhbGlhc0RhdGFccmVsYXRpdmVQYXRo0hgNGRpXTlMuZGF0YU8RAaYAAAAAAaYAAgAADE1hY2ludG9zaCBIRAAAAAAAAAAAAAAAAAAAAMarpiZIKwAAAAmXlxBQT0RDLWtleW5vdGUucGRmAAAAAAAAAAAAAAAAAAAAAAAAAAAAAAAAAAAAAAAAAAAAAAAAAAAAAAAAAAAAAAAADP5zxy7jXAAAAAAAAAAAAAEAAwAACSAAAAAAAAAAAAAAAAAAAAAKUmVmZXJlbmNlcwAQAAgAAMare/YAAAARAAgAAMcuxzwAAAABABQACZeXAAmXewAH+UkAB/k8AACQ5wACAEFNYWNpbnRvc2ggSEQ6VXNlcnM6YWo6RG9jdW1lbnRzOkdyYWR1OlJlZmVyZW5jZXM6UE9EQy1rZXlub3RlLnBkZgAADgAiABAAUABPAEQAQwAtAGsAZQB5AG4AbwB0AGUALgBwAGQAZgAPABoADABNAGEAYwBpAG4AdABvAHMAaAAgAEgARAASADRVc2Vycy9hai9Eb2N1bWVudHMvR3JhZHUvUmVmZXJlbmNlcy9QT0RDLWtleW5vdGUucGRmABMAAS8AABUAAgAJ//8AAIAF0hwdHh9YJGNsYXNzZXNaJGNsYXNzbmFtZaMfICFdTlNNdXRhYmxlRGF0YVZOU0RhdGFYTlNPYmplY3RfEBtSZWZlcmVuY2VzL1BPREMta2V5bm90ZS5wZGbSHB0kJaIlIVxOU0RpY3Rpb25hcnkSAAGGoF8QD05TS2V5ZWRBcmNoaXZlcgAIABEAFgAfACgAMgA1ADoAPABFAEsAUgBdAGUAbABvAHEAcwB2AHgAegB8AIYAkwCYAKACSgJMAlECWgJlAmkCdwJ+AocCpQKqAq0CugK/AAAAAAAAAgEAAAAAAAAAKAAAAAAAAAAAAAAAAAAAAtE=},
	Bdsk-Url-1 = {http://doi.acm.org/10.1145/343477.343502}}

@inproceedings{DHT,
	Address = {New York, NY, USA},
	Author = {Chawathe, Yatin and Ramabhadran, Sriram and Ratnasamy, Sylvia and LaMarca, Anthony and Shenker, Scott and Hellerstein, Joseph},
	Booktitle = {SIGCOMM '05: Proceedings of the 2005 conference on Applications, technologies, architectures, and protocols for computer communications},
	Date-Added = {2009-11-10 21:04:02 +0200},
	Date-Modified = {2009-11-10 21:04:45 +0200},
	Doi = {http://doi.acm.org/10.1145/1080091.1080104},
	Isbn = {1-59593-009-4},
	Location = {Philadelphia, Pennsylvania, USA},
	Pages = {97--108},
	Publisher = {ACM},
	Title = {A case study in building layered DHT applications},
	Year = {2005},
	Bdsk-File-1 = {YnBsaXN0MDDUAQIDBAUIJidUJHRvcFgkb2JqZWN0c1gkdmVyc2lvblkkYXJjaGl2ZXLRBgdUcm9vdIABqAkKFRYXGyIjVSRudWxs0wsMDQ4RFFpOUy5vYmplY3RzV05TLmtleXNWJGNsYXNzog8QgASABqISE4ACgAOAB1lhbGlhc0RhdGFccmVsYXRpdmVQYXRo0hgNGRpXTlMuZGF0YU8RAaYAAAAAAaYAAgAADE1hY2ludG9zaCBIRAAAAAAAAAAAAAAAAAAAAMarpiZIKwAAAAmXlxBwYXBlci1DaGFSYW0ucGRmAAAAAAAAAAAAAAAAAAAAAAAAAAAAAAAAAAAAAAAAAAAAAAAAAAAAAAAAAAAAAAAADAC4xx+E5gAAAAAAAAAAAAEAAwAACSAAAAAAAAAAAAAAAAAAAAAKUmVmZXJlbmNlcwAQAAgAAMare/YAAAARAAgAAMcfaMYAAAABABQACZeXAAmXewAH+UkAB/k8AACQ5wACAEFNYWNpbnRvc2ggSEQ6VXNlcnM6YWo6RG9jdW1lbnRzOkdyYWR1OlJlZmVyZW5jZXM6cGFwZXItQ2hhUmFtLnBkZgAADgAiABAAcABhAHAAZQByAC0AQwBoAGEAUgBhAG0ALgBwAGQAZgAPABoADABNAGEAYwBpAG4AdABvAHMAaAAgAEgARAASADRVc2Vycy9hai9Eb2N1bWVudHMvR3JhZHUvUmVmZXJlbmNlcy9wYXBlci1DaGFSYW0ucGRmABMAAS8AABUAAgAJ//8AAIAF0hwdHh9YJGNsYXNzZXNaJGNsYXNzbmFtZaMfICFdTlNNdXRhYmxlRGF0YVZOU0RhdGFYTlNPYmplY3RfEBtSZWZlcmVuY2VzL3BhcGVyLUNoYVJhbS5wZGbSHB0kJaIlIVxOU0RpY3Rpb25hcnkSAAGGoF8QD05TS2V5ZWRBcmNoaXZlcgAIABEAFgAfACgAMgA1ADoAPABFAEsAUgBdAGUAbABvAHEAcwB2AHgAegB8AIYAkwCYAKACSgJMAlECWgJlAmkCdwJ+AocCpQKqAq0CugK/AAAAAAAAAgEAAAAAAAAAKAAAAAAAAAAAAAAAAAAAAtE=},
	Bdsk-Url-1 = {http://doi.acm.org/10.1145/1080091.1080104}}

@article{BASE,
	Address = {New York, NY, USA},
	Author = {Pritchett, Dan},
	Date-Added = {2009-11-10 20:58:43 +0200},
	Date-Modified = {2009-11-10 21:03:58 +0200},
	Doi = {http://doi.acm.org/10.1145/1394127.1394128},
	Issn = {1542-7730},
	Journal = {Queue},
	Number = {3},
	Pages = {48--55},
	Publisher = {ACM},
	Title = {BASE: An Acid Alternative},
	Volume = {6},
	Year = {2008},
	Bdsk-File-1 = {YnBsaXN0MDDUAQIDBAUIJidUJHRvcFgkb2JqZWN0c1gkdmVyc2lvblkkYXJjaGl2ZXLRBgdUcm9vdIABqAkKFRYXGyIjVSRudWxs0wsMDQ4RFFpOUy5vYmplY3RzV05TLmtleXNWJGNsYXNzog8QgASABqISE4ACgAOAB1lhbGlhc0RhdGFccmVsYXRpdmVQYXRo0hgNGRpXTlMuZGF0YU8RAaoAAAAAAaoAAgAADE1hY2ludG9zaCBIRAAAAAAAAAAAAAAAAAAAAMarpiZIKwAAAAmXlxFwNDgtcHJpdGNoZXR0LnBkZgAAAAAAAAAAAAAAAAAAAAAAAAAAAAAAAAAAAAAAAAAAAAAAAAAAAAAAAAAAAAAADABzxx+EEwAAAAAAAAAAAAEAAwAACSAAAAAAAAAAAAAAAAAAAAAKUmVmZXJlbmNlcwAQAAgAAMare/YAAAARAAgAAMcfZ/MAAAABABQACZeXAAmXewAH+UkAB/k8AACQ5wACAEJNYWNpbnRvc2ggSEQ6VXNlcnM6YWo6RG9jdW1lbnRzOkdyYWR1OlJlZmVyZW5jZXM6cDQ4LXByaXRjaGV0dC5wZGYADgAkABEAcAA0ADgALQBwAHIAaQB0AGMAaABlAHQAdAAuAHAAZABmAA8AGgAMAE0AYQBjAGkAbgB0AG8AcwBoACAASABEABIANVVzZXJzL2FqL0RvY3VtZW50cy9HcmFkdS9SZWZlcmVuY2VzL3A0OC1wcml0Y2hldHQucGRmAAATAAEvAAAVAAIACf//AACABdIcHR4fWCRjbGFzc2VzWiRjbGFzc25hbWWjHyAhXU5TTXV0YWJsZURhdGFWTlNEYXRhWE5TT2JqZWN0XxAcUmVmZXJlbmNlcy9wNDgtcHJpdGNoZXR0LnBkZtIcHSQloiUhXE5TRGljdGlvbmFyeRIAAYagXxAPTlNLZXllZEFyY2hpdmVyAAgAEQAWAB8AKAAyADUAOgA8AEUASwBSAF0AZQBsAG8AcQBzAHYAeAB6AHwAhgCTAJgAoAJOAlACVQJeAmkCbQJ7AoICiwKqAq8CsgK/AsQAAAAAAAACAQAAAAAAAAAoAAAAAAAAAAAAAAAAAAAC1g==},
	Bdsk-Url-1 = {http://doi.acm.org/10.1145/1394127.1394128}}

@webpage{viget,
	Date-Added = {2009-11-10 20:54:44 +0200},
	Date-Modified = {2009-11-22 18:26:41 +0200},
	Keywords = {goodpoints, nosql},
	Lastchecked = {10.11.2009},
	Month = {10},
	Url = {http://www.viget.com/extend/nosql-misconceptions/},
	Year = {2009},
	Bdsk-Url-1 = {http://www.viget.com/extend/nosql-misconceptions/}}

@webpage{willblog,
	Date-Added = {2009-11-10 20:52:36 +0200},
	Date-Modified = {2009-11-10 20:53:41 +0200},
	Keywords = {goodpoints},
	Lastchecked = {10.11.2009},
	Month = {11},
	Url = {http://havemacwillblog.com/2008/11/10/6-reasons-why-relational-database-will-be-superseded/},
	Year = {2008},
	Bdsk-Url-1 = {http://havemacwillblog.com/2008/11/10/6-reasons-why-relational-database-will-be-superseded/}}

@article{webhosting,
	Address = {New York, NY, USA},
	Author = {Sivasubramanian, Swaminathan and Szymaniak, Michal and Pierre, Guillaume and Steen, Maarten van},
	Date-Added = {2009-10-04 16:38:31 +0300},
	Date-Modified = {2009-10-04 16:38:47 +0300},
	Doi = {http://doi.acm.org/10.1145/1035570.1035573},
	Issn = {0360-0300},
	Journal = {ACM Comput. Surv.},
	Keywords = {replication, web},
	Number = {3},
	Pages = {291--334},
	Publisher = {ACM},
	Title = {Replication for web hosting systems},
	Volume = {36},
	Year = {2004},
	Bdsk-File-1 = {YnBsaXN0MDDUAQIDBAUIJidUJHRvcFgkb2JqZWN0c1gkdmVyc2lvblkkYXJjaGl2ZXLRBgdUcm9vdIABqAkKFRYXGyIjVSRudWxs0wsMDQ4RFFpOUy5vYmplY3RzV05TLmtleXNWJGNsYXNzog8QgASABqISE4ACgAOAB1lhbGlhc0RhdGFccmVsYXRpdmVQYXRo0hgNGRpXTlMuZGF0YU8RAcYAAAAAAcYAAgAADE1hY2ludG9zaCBIRAAAAAAAAAAAAAAAAAAAAMarpiZIKwAAAAmXlxhwMjkxLXNpdmFzdWJyYW1hbmlhbi5wZGYAAAAAAAAAAAAAAAAAAAAAAAAAAAAAAAAAAAAAAAAAAAAAAAAAAAAACfV5xu5/9AAAAAAAAAAAAAEAAwAACSAAAAAAAAAAAAAAAAAAAAAKUmVmZXJlbmNlcwAQAAgAAMare/YAAAARAAgAAMbuVcQAAAABABQACZeXAAmXewAH+UkAB/k8AACQ5wACAElNYWNpbnRvc2ggSEQ6VXNlcnM6YWo6RG9jdW1lbnRzOkdyYWR1OlJlZmVyZW5jZXM6cDI5MS1zaXZhc3VicmFtYW5pYW4ucGRmAAAOADIAGABwADIAOQAxAC0AcwBpAHYAYQBzAHUAYgByAGEAbQBhAG4AaQBhAG4ALgBwAGQAZgAPABoADABNAGEAYwBpAG4AdABvAHMAaAAgAEgARAASADxVc2Vycy9hai9Eb2N1bWVudHMvR3JhZHUvUmVmZXJlbmNlcy9wMjkxLXNpdmFzdWJyYW1hbmlhbi5wZGYAEwABLwAAFQACAAn//wAAgAXSHB0eH1gkY2xhc3Nlc1okY2xhc3NuYW1lox8gIV1OU011dGFibGVEYXRhVk5TRGF0YVhOU09iamVjdF8QI1JlZmVyZW5jZXMvcDI5MS1zaXZhc3VicmFtYW5pYW4ucGRm0hwdJCWiJSFcTlNEaWN0aW9uYXJ5EgABhqBfEA9OU0tleWVkQXJjaGl2ZXIACAARABYAHwAoADIANQA6ADwARQBLAFIAXQBlAGwAbwBxAHMAdgB4AHoAfACGAJMAmACgAmoCbAJxAnoChQKJApcCngKnAs0C0gLVAuIC5wAAAAAAAAIBAAAAAAAAACgAAAAAAAAAAAAAAAAAAAL5},
	Bdsk-Url-1 = {http://doi.acm.org/10.1145/1035570.1035573}}

@inproceedings{replication,
	Address = {New York, NY, USA},
	Author = {Cecchet, Emmanuel and Candea, George and Ailamaki, Anastasia},
	Booktitle = {SIGMOD '08: Proceedings of the 2008 ACM SIGMOD international conference on Management of data},
	Date-Added = {2009-10-04 16:35:31 +0300},
	Date-Modified = {2009-10-04 16:36:18 +0300},
	Doi = {http://doi.acm.org/10.1145/1376616.1376691},
	Isbn = {978-1-60558-102-6},
	Keywords = {replication},
	Location = {Vancouver, Canada},
	Pages = {739--752},
	Publisher = {ACM},
	Title = {Middleware-based database replication: the gaps between theory and practice},
	Year = {2008},
	Bdsk-File-1 = {YnBsaXN0MDDUAQIDBAUIJidUJHRvcFgkb2JqZWN0c1gkdmVyc2lvblkkYXJjaGl2ZXLRBgdUcm9vdIABqAkKFRYXGyIjVSRudWxs0wsMDQ4RFFpOUy5vYmplY3RzV05TLmtleXNWJGNsYXNzog8QgASABqISE4ACgAOAB1lhbGlhc0RhdGFccmVsYXRpdmVQYXRo0hgNGRpXTlMuZGF0YU8RAaYAAAAAAaYAAgAADE1hY2ludG9zaCBIRAAAAAAAAAAAAAAAAAAAAMarpiZIKwAAAAmXlxBwNzM5LWNlY2NoZXQucGRmAAAAAAAAAAAAAAAAAAAAAAAAAAAAAAAAAAAAAAAAAAAAAAAAAAAAAAAAAAAAAAAACfUpxu5/cAAAAAAAAAAAAAEAAwAACSAAAAAAAAAAAAAAAAAAAAAKUmVmZXJlbmNlcwAQAAgAAMare/YAAAARAAgAAMbuVUAAAAABABQACZeXAAmXewAH+UkAB/k8AACQ5wACAEFNYWNpbnRvc2ggSEQ6VXNlcnM6YWo6RG9jdW1lbnRzOkdyYWR1OlJlZmVyZW5jZXM6cDczOS1jZWNjaGV0LnBkZgAADgAiABAAcAA3ADMAOQAtAGMAZQBjAGMAaABlAHQALgBwAGQAZgAPABoADABNAGEAYwBpAG4AdABvAHMAaAAgAEgARAASADRVc2Vycy9hai9Eb2N1bWVudHMvR3JhZHUvUmVmZXJlbmNlcy9wNzM5LWNlY2NoZXQucGRmABMAAS8AABUAAgAJ//8AAIAF0hwdHh9YJGNsYXNzZXNaJGNsYXNzbmFtZaMfICFdTlNNdXRhYmxlRGF0YVZOU0RhdGFYTlNPYmplY3RfEBtSZWZlcmVuY2VzL3A3MzktY2VjY2hldC5wZGbSHB0kJaIlIVxOU0RpY3Rpb25hcnkSAAGGoF8QD05TS2V5ZWRBcmNoaXZlcgAIABEAFgAfACgAMgA1ADoAPABFAEsAUgBdAGUAbABvAHEAcwB2AHgAegB8AIYAkwCYAKACSgJMAlECWgJlAmkCdwJ+AocCpQKqAq0CugK/AAAAAAAAAgEAAAAAAAAAKAAAAAAAAAAAAAAAAAAAAtE=},
	Bdsk-Url-1 = {http://doi.acm.org/10.1145/1376616.1376691}}

@article{waldo,
	Address = {New York, NY, USA},
	Author = {Waldo, Jim},
	Date-Added = {2009-10-04 16:30:55 +0300},
	Date-Modified = {2009-10-04 16:31:48 +0300},
	Doi = {http://doi.acm.org/10.1145/1483101.1483105},
	Issn = {1542-7730},
	Journal = {Queue},
	Keywords = {scaling, games},
	Number = {7},
	Pages = {10--16},
	Publisher = {ACM},
	Title = {Scaling in Games \& Virtual Worlds},
	Volume = {6},
	Year = {2008},
	Bdsk-File-1 = {YnBsaXN0MDDUAQIDBAUIJidUJHRvcFgkb2JqZWN0c1gkdmVyc2lvblkkYXJjaGl2ZXLRBgdUcm9vdIABqAkKFRYXGyIjVSRudWxs0wsMDQ4RFFpOUy5vYmplY3RzV05TLmtleXNWJGNsYXNzog8QgASABqISE4ACgAOAB1lhbGlhc0RhdGFccmVsYXRpdmVQYXRo0hgNGRpXTlMuZGF0YU8RAZoAAAAAAZoAAgAADE1hY2ludG9zaCBIRAAAAAAAAAAAAAAAAAAAAMarpiZIKwAAAAmXlw1wMTAtd2FsZG8ucGRmAAAAAAAAAAAAAAAAAAAAAAAAAAAAAAAAAAAAAAAAAAAAAAAAAAAAAAAAAAAAAAAAAAAACfSxxu5+MAAAAAAAAAAAAAEAAwAACSAAAAAAAAAAAAAAAAAAAAAKUmVmZXJlbmNlcwAQAAgAAMare/YAAAARAAgAAMbuVAAAAAABABQACZeXAAmXewAH+UkAB/k8AACQ5wACAD5NYWNpbnRvc2ggSEQ6VXNlcnM6YWo6RG9jdW1lbnRzOkdyYWR1OlJlZmVyZW5jZXM6cDEwLXdhbGRvLnBkZgAOABwADQBwADEAMAAtAHcAYQBsAGQAbwAuAHAAZABmAA8AGgAMAE0AYQBjAGkAbgB0AG8AcwBoACAASABEABIAMVVzZXJzL2FqL0RvY3VtZW50cy9HcmFkdS9SZWZlcmVuY2VzL3AxMC13YWxkby5wZGYAABMAAS8AABUAAgAJ//8AAIAF0hwdHh9YJGNsYXNzZXNaJGNsYXNzbmFtZaMfICFdTlNNdXRhYmxlRGF0YVZOU0RhdGFYTlNPYmplY3RfEBhSZWZlcmVuY2VzL3AxMC13YWxkby5wZGbSHB0kJaIlIVxOU0RpY3Rpb25hcnkSAAGGoF8QD05TS2V5ZWRBcmNoaXZlcgAIABEAFgAfACgAMgA1ADoAPABFAEsAUgBdAGUAbABvAHEAcwB2AHgAegB8AIYAkwCYAKACPgJAAkUCTgJZAl0CawJyAnsClgKbAp4CqwKwAAAAAAAAAgEAAAAAAAAAKAAAAAAAAAAAAAAAAAAAAsI=},
	Bdsk-Url-1 = {http://doi.acm.org/10.1145/1483101.1483105}}

@article{b_tree,
	Author = {Marcos Kawazoe Aguilera and Wojciech M. Golab and Mehul A. Shah},
	Bibsource = {DBLP, http://dblp.uni-trier.de},
	Date-Added = {2009-09-28 21:19:53 +0300},
	Date-Modified = {2009-09-28 21:20:18 +0300},
	Ee = {http://www.vldb.org/pvldb/1/1453922.pdf},
	Journal = {PVLDB},
	Number = {1},
	Pages = {598-609},
	Title = {A practical scalable distributed B-tree},
	Volume = {1},
	Year = {2008},
	Bdsk-File-1 = {YnBsaXN0MDDUAQIDBAUIJidUJHRvcFgkb2JqZWN0c1gkdmVyc2lvblkkYXJjaGl2ZXLRBgdUcm9vdIABqAkKFRYXGyIjVSRudWxs0wsMDQ4RFFpOUy5vYmplY3RzV05TLmtleXNWJGNsYXNzog8QgASABqISE4ACgAOAB1lhbGlhc0RhdGFccmVsYXRpdmVQYXRo0hgNGRpXTlMuZGF0YU8RAgYAAAAAAgYAAgAADE1hY2ludG9zaCBIRAAAAAAAAAAAAAAAAAAAAMarpiZIKwAAAAmXlx9BIFByYWN0aWNhbCBTY2FsYWJsZSAjOURBNDMucGRmAAAAAAAAAAAAAAAAAAAAAAAAAAAAAAAAAAAAAAAAAAAACdpDxubX0QAAAAAAAAAAAAEAAwAACSAAAAAAAAAAAAAAAAAAAAAKUmVmZXJlbmNlcwAQAAgAAMare/YAAAARAAgAAMbmraEAAAABABQACZeXAAmXewAH+UkAB/k8AACQ5wACAFBNYWNpbnRvc2ggSEQ6VXNlcnM6YWo6RG9jdW1lbnRzOkdyYWR1OlJlZmVyZW5jZXM6QSBQcmFjdGljYWwgU2NhbGFibGUgIzlEQTQzLnBkZgAOAFgAKwBBACAAUAByAGEAYwB0AGkAYwBhAGwAIABTAGMAYQBsAGEAYgBsAGUAIABEAGkAcwB0AHIAaQBiAHUAdABlAGQAIABCAC0AVAByAGUAZQAuAHAAZABmAA8AGgAMAE0AYQBjAGkAbgB0AG8AcwBoACAASABEABIAT1VzZXJzL2FqL0RvY3VtZW50cy9HcmFkdS9SZWZlcmVuY2VzL0EgUHJhY3RpY2FsIFNjYWxhYmxlIERpc3RyaWJ1dGVkIEItVHJlZS5wZGYAABMAAS8AABUAAgAJ//8AAIAF0hwdHh9YJGNsYXNzZXNaJGNsYXNzbmFtZaMfICFdTlNNdXRhYmxlRGF0YVZOU0RhdGFYTlNPYmplY3RfEDZSZWZlcmVuY2VzL0EgUHJhY3RpY2FsIFNjYWxhYmxlIERpc3RyaWJ1dGVkIEItVHJlZS5wZGbSHB0kJaIlIVxOU0RpY3Rpb25hcnkSAAGGoF8QD05TS2V5ZWRBcmNoaXZlcgAIABEAFgAfACgAMgA1ADoAPABFAEsAUgBdAGUAbABvAHEAcwB2AHgAegB8AIYAkwCYAKACqgKsArECugLFAskC1wLeAucDIAMlAygDNQM6AAAAAAAAAgEAAAAAAAAAKAAAAAAAAAAAAAAAAAAAA0w=}}

@article{read_optimized,
	Author = {Allison L. Holloway and David J. DeWitt},
	Bibsource = {DBLP, http://dblp.uni-trier.de},
	Date-Added = {2009-09-28 21:15:47 +0300},
	Date-Modified = {2009-09-28 21:17:16 +0300},
	Ee = {http://www.vldb.org/pvldb/1/1453912.pdf},
	Journal = {PVLDB},
	Keywords = {comparison},
	Number = {1},
	Pages = {502-513},
	Title = {Read-optimized databases, in depth},
	Volume = {1},
	Year = {2008},
	Bdsk-File-1 = {YnBsaXN0MDDUAQIDBAUIJidUJHRvcFgkb2JqZWN0c1gkdmVyc2lvblkkYXJjaGl2ZXLRBgdUcm9vdIABqAkKFRYXGyIjVSRudWxs0wsMDQ4RFFpOUy5vYmplY3RzV05TLmtleXNWJGNsYXNzog8QgASABqISE4ACgAOAB1lhbGlhc0RhdGFccmVsYXRpdmVQYXRo0hgNGRpXTlMuZGF0YU8RAdYAAAAAAdYAAgAADE1hY2ludG9zaCBIRAAAAAAAAAAAAAAAAAAAAMarpiZIKwAAAAmXlxxyZWFkIG9wdGltaXplZCBkYXRhYmFzZXMucGRmAAAAAAAAAAAAAAAAAAAAAAAAAAAAAAAAAAAAAAAAAAAAAAAACdopxubXoAAAAAAAAAAAAAEAAwAACSAAAAAAAAAAAAAAAAAAAAAKUmVmZXJlbmNlcwAQAAgAAMare/YAAAARAAgAAMbmrXAAAAABABQACZeXAAmXewAH+UkAB/k8AACQ5wACAE1NYWNpbnRvc2ggSEQ6VXNlcnM6YWo6RG9jdW1lbnRzOkdyYWR1OlJlZmVyZW5jZXM6cmVhZCBvcHRpbWl6ZWQgZGF0YWJhc2VzLnBkZgAADgA6ABwAcgBlAGEAZAAgAG8AcAB0AGkAbQBpAHoAZQBkACAAZABhAHQAYQBiAGEAcwBlAHMALgBwAGQAZgAPABoADABNAGEAYwBpAG4AdABvAHMAaAAgAEgARAASAEBVc2Vycy9hai9Eb2N1bWVudHMvR3JhZHUvUmVmZXJlbmNlcy9yZWFkIG9wdGltaXplZCBkYXRhYmFzZXMucGRmABMAAS8AABUAAgAJ//8AAIAF0hwdHh9YJGNsYXNzZXNaJGNsYXNzbmFtZaMfICFdTlNNdXRhYmxlRGF0YVZOU0RhdGFYTlNPYmplY3RfECdSZWZlcmVuY2VzL3JlYWQgb3B0aW1pemVkIGRhdGFiYXNlcy5wZGbSHB0kJaIlIVxOU0RpY3Rpb25hcnkSAAGGoF8QD05TS2V5ZWRBcmNoaXZlcgAIABEAFgAfACgAMgA1ADoAPABFAEsAUgBdAGUAbABvAHEAcwB2AHgAegB8AIYAkwCYAKACegJ8AoECigKVApkCpwKuArcC4QLmAukC9gL7AAAAAAAAAgEAAAAAAAAAKAAAAAAAAAAAAAAAAAAAAw0=}}

@inproceedings{cassandra,
	Address = {New York, NY, USA},
	Author = {Lakshman, Avinash and Malik, Prashant},
	Booktitle = {PODC '09: Proceedings of the 28th ACM symposium on Principles of distributed computing},
	Date-Added = {2009-09-27 14:29:15 +0300},
	Date-Modified = {2009-09-27 14:29:41 +0300},
	Doi = {http://doi.acm.org/10.1145/1582716.1582722},
	Isbn = {978-1-60558-396-9},
	Keywords = {cassandra},
	Location = {Calgary, AB, Canada},
	Pages = {5--5},
	Publisher = {ACM},
	Title = {Cassandra: structured storage system on a P2P network},
	Year = {2009},
	Bdsk-File-1 = {YnBsaXN0MDDUAQIDBAUIJidUJHRvcFgkb2JqZWN0c1gkdmVyc2lvblkkYXJjaGl2ZXLRBgdUcm9vdIABqAkKFRYXGyIjVSRudWxs0wsMDQ4RFFpOUy5vYmplY3RzV05TLmtleXNWJGNsYXNzog8QgASABqISE4ACgAOAB1lhbGlhc0RhdGFccmVsYXRpdmVQYXRo0hgNGRpXTlMuZGF0YU8RAaIAAAAAAaIAAgAADE1hY2ludG9zaCBIRAAAAAAAAAAAAAAAAAAAAMarpiZIKwAAAAmXlw9wNS1sYWtzaG1hbi5wZGYAAAAAAAAAAAAAAAAAAAAAAAAAAAAAAAAAAAAAAAAAAAAAAAAAAAAAAAAAAAAAAAAACZdZxuUnKgAAAAAAAAAAAAEAAwAACSAAAAAAAAAAAAAAAAAAAAAKUmVmZXJlbmNlcwAQAAgAAMare/YAAAARAAgAAMbk/PoAAAABABQACZeXAAmXewAH+UkAB/k8AACQ5wACAEBNYWNpbnRvc2ggSEQ6VXNlcnM6YWo6RG9jdW1lbnRzOkdyYWR1OlJlZmVyZW5jZXM6cDUtbGFrc2htYW4ucGRmAA4AIAAPAHAANQAtAGwAYQBrAHMAaABtAGEAbgAuAHAAZABmAA8AGgAMAE0AYQBjAGkAbgB0AG8AcwBoACAASABEABIAM1VzZXJzL2FqL0RvY3VtZW50cy9HcmFkdS9SZWZlcmVuY2VzL3A1LWxha3NobWFuLnBkZgAAEwABLwAAFQACAAn//wAAgAXSHB0eH1gkY2xhc3Nlc1okY2xhc3NuYW1lox8gIV1OU011dGFibGVEYXRhVk5TRGF0YVhOU09iamVjdF8QGlJlZmVyZW5jZXMvcDUtbGFrc2htYW4ucGRm0hwdJCWiJSFcTlNEaWN0aW9uYXJ5EgABhqBfEA9OU0tleWVkQXJjaGl2ZXIACAARABYAHwAoADIANQA6ADwARQBLAFIAXQBlAGwAbwBxAHMAdgB4AHoAfACGAJMAmACgAkYCSAJNAlYCYQJlAnMCegKDAqACpQKoArUCugAAAAAAAAIBAAAAAAAAACgAAAAAAAAAAAAAAAAAAALM},
	Bdsk-Url-1 = {http://doi.acm.org/10.1145/1582716.1582722}}

@article{stonebraker,
	Address = {New York, NY, USA},
	Author = {Stonebraker, Michael and Hong, Jason},
	Date-Added = {2009-09-27 14:27:13 +0300},
	Date-Modified = {2009-09-27 14:27:42 +0300},
	Doi = {http://doi.acm.org/10.1145/1562164.1562169},
	Issn = {0001-0782},
	Journal = {Commun. ACM},
	Keywords = {blog, nosql},
	Number = {9},
	Pages = {12--13},
	Publisher = {ACM},
	Title = {Saying good-bye to DBMSs, designing effective interfaces},
	Volume = {52},
	Year = {2009},
	Bdsk-File-1 = {YnBsaXN0MDDUAQIDBAUIJidUJHRvcFgkb2JqZWN0c1gkdmVyc2lvblkkYXJjaGl2ZXLRBgdUcm9vdIABqAkKFRYXGyIjVSRudWxs0wsMDQ4RFFpOUy5vYmplY3RzV05TLmtleXNWJGNsYXNzog8QgASABqISE4ACgAOAB1lhbGlhc0RhdGFccmVsYXRpdmVQYXRo0hgNGRpXTlMuZGF0YU8RAbIAAAAAAbIAAgAADE1hY2ludG9zaCBIRAAAAAAAAAAAAAAAAAAAAMarpiZIKwAAAAmXlxNwMTItc3RvbmVicmFrZXIucGRmAAAAAAAAAAAAAAAAAAAAAAAAAAAAAAAAAAAAAAAAAAAAAAAAAAAAAAAAAAAACZc3xuUmqAAAAAAAAAAAAAEAAwAACSAAAAAAAAAAAAAAAAAAAAAKUmVmZXJlbmNlcwAQAAgAAMare/YAAAARAAgAAMbk/HgAAAABABQACZeXAAmXewAH+UkAB/k8AACQ5wACAERNYWNpbnRvc2ggSEQ6VXNlcnM6YWo6RG9jdW1lbnRzOkdyYWR1OlJlZmVyZW5jZXM6cDEyLXN0b25lYnJha2VyLnBkZgAOACgAEwBwADEAMgAtAHMAdABvAG4AZQBiAHIAYQBrAGUAcgAuAHAAZABmAA8AGgAMAE0AYQBjAGkAbgB0AG8AcwBoACAASABEABIAN1VzZXJzL2FqL0RvY3VtZW50cy9HcmFkdS9SZWZlcmVuY2VzL3AxMi1zdG9uZWJyYWtlci5wZGYAABMAAS8AABUAAgAJ//8AAIAF0hwdHh9YJGNsYXNzZXNaJGNsYXNzbmFtZaMfICFdTlNNdXRhYmxlRGF0YVZOU0RhdGFYTlNPYmplY3RfEB5SZWZlcmVuY2VzL3AxMi1zdG9uZWJyYWtlci5wZGbSHB0kJaIlIVxOU0RpY3Rpb25hcnkSAAGGoF8QD05TS2V5ZWRBcmNoaXZlcgAIABEAFgAfACgAMgA1ADoAPABFAEsAUgBdAGUAbABvAHEAcwB2AHgAegB8AIYAkwCYAKACVgJYAl0CZgJxAnUCgwKKApMCtAK5ArwCyQLOAAAAAAAAAgEAAAAAAAAAKAAAAAAAAAAAAAAAAAAAAuA=},
	Bdsk-Url-1 = {http://doi.acm.org/10.1145/1562164.1562169}}

@article{bigtable,
	Address = {New York, NY, USA},
	Author = {Chang, Fay and Dean, Jeffrey and Ghemawat, Sanjay and Hsieh, Wilson C. and Wallach, Deborah A. and Burrows, Mike and Chandra, Tushar and Fikes, Andrew and Gruber, Robert E.},
	Date-Added = {2009-09-27 14:23:24 +0300},
	Date-Modified = {2009-09-27 14:23:47 +0300},
	Doi = {http://doi.acm.org/10.1145/1365815.1365816},
	Issn = {0734-2071},
	Journal = {ACM Trans. Comput. Syst.},
	Keywords = {google, bigtable},
	Number = {2},
	Pages = {1--26},
	Publisher = {ACM},
	Title = {Bigtable: A Distributed Storage System for Structured Data},
	Volume = {26},
	Year = {2008},
	Bdsk-File-1 = {YnBsaXN0MDDUAQIDBAUIJidUJHRvcFgkb2JqZWN0c1gkdmVyc2lvblkkYXJjaGl2ZXLRBgdUcm9vdIABqAkKFRYXGyIjVSRudWxs0wsMDQ4RFFpOUy5vYmplY3RzV05TLmtleXNWJGNsYXNzog8QgASABqISE4ACgAOAB1lhbGlhc0RhdGFccmVsYXRpdmVQYXRo0hgNGRpXTlMuZGF0YU8RAZYAAAAAAZYAAgAADE1hY2ludG9zaCBIRAAAAAAAAAAAAAAAAAAAAMarpiZIKwAAAAmXlwxhNC1jaGFuZy5wZGYAAAAAAAAAAAAAAAAAAAAAAAAAAAAAAAAAAAAAAAAAAAAAAAAAAAAAAAAAAAAAAAAAAAAACZb+xuUlyAAAAAAAAAAAAAEAAwAACSAAAAAAAAAAAAAAAAAAAAAKUmVmZXJlbmNlcwAQAAgAAMare/YAAAARAAgAAMbk+5gAAAABABQACZeXAAmXewAH+UkAB/k8AACQ5wACAD1NYWNpbnRvc2ggSEQ6VXNlcnM6YWo6RG9jdW1lbnRzOkdyYWR1OlJlZmVyZW5jZXM6YTQtY2hhbmcucGRmAAAOABoADABhADQALQBjAGgAYQBuAGcALgBwAGQAZgAPABoADABNAGEAYwBpAG4AdABvAHMAaAAgAEgARAASADBVc2Vycy9hai9Eb2N1bWVudHMvR3JhZHUvUmVmZXJlbmNlcy9hNC1jaGFuZy5wZGYAEwABLwAAFQACAAn//wAAgAXSHB0eH1gkY2xhc3Nlc1okY2xhc3NuYW1lox8gIV1OU011dGFibGVEYXRhVk5TRGF0YVhOU09iamVjdF8QF1JlZmVyZW5jZXMvYTQtY2hhbmcucGRm0hwdJCWiJSFcTlNEaWN0aW9uYXJ5EgABhqBfEA9OU0tleWVkQXJjaGl2ZXIACAARABYAHwAoADIANQA6ADwARQBLAFIAXQBlAGwAbwBxAHMAdgB4AHoAfACGAJMAmACgAjoCPAJBAkoCVQJZAmcCbgJ3ApEClgKZAqYCqwAAAAAAAAIBAAAAAAAAACgAAAAAAAAAAAAAAAAAAAK9},
	Bdsk-Url-1 = {http://doi.acm.org/10.1145/1365815.1365816}}

@inproceedings{soundararajan,
	Address = {New York, NY, USA},
	Author = {Soundararajan, Gokul and Amza, Cristiana and Goel, Ashvin},
	Booktitle = {EuroSys '06: Proceedings of the 1st ACM SIGOPS/EuroSys European Conference on Computer Systems 2006},
	Date-Added = {2009-09-27 14:18:04 +0300},
	Date-Modified = {2009-09-27 14:20:39 +0300},
	Doi = {http://doi.acm.org/10.1145/1217935.1217945},
	Isbn = {1-59593-322-0},
	Keywords = {replication},
	Location = {Leuven, Belgium},
	Pages = {89--102},
	Publisher = {ACM},
	Title = {Database replication policies for dynamic content applications},
	Year = {2006},
	Bdsk-File-1 = {YnBsaXN0MDDUAQIDBAUIJidUJHRvcFgkb2JqZWN0c1gkdmVyc2lvblkkYXJjaGl2ZXLRBgdUcm9vdIABqAkKFRYXGyIjVSRudWxs0wsMDQ4RFFpOUy5vYmplY3RzV05TLmtleXNWJGNsYXNzog8QgASABqISE4ACgAOAB1lhbGlhc0RhdGFccmVsYXRpdmVQYXRo0hgNGRpXTlMuZGF0YU8RAboAAAAAAboAAgAADE1hY2ludG9zaCBIRAAAAAAAAAAAAAAAAAAAAMarpiZIKwAAAAmXlxVwODktc291bmRhcmFyYWphbi5wZGYAAAAAAAAAAAAAAAAAAAAAAAAAAAAAAAAAAAAAAAAAAAAAAAAAAAAAAAAACZbTxuUkzgAAAAAAAAAAAAEAAwAACSAAAAAAAAAAAAAAAAAAAAAKUmVmZXJlbmNlcwAQAAgAAMare/YAAAARAAgAAMbk+p4AAAABABQACZeXAAmXewAH+UkAB/k8AACQ5wACAEZNYWNpbnRvc2ggSEQ6VXNlcnM6YWo6RG9jdW1lbnRzOkdyYWR1OlJlZmVyZW5jZXM6cDg5LXNvdW5kYXJhcmFqYW4ucGRmAA4ALAAVAHAAOAA5AC0AcwBvAHUAbgBkAGEAcgBhAHIAYQBqAGEAbgAuAHAAZABmAA8AGgAMAE0AYQBjAGkAbgB0AG8AcwBoACAASABEABIAOVVzZXJzL2FqL0RvY3VtZW50cy9HcmFkdS9SZWZlcmVuY2VzL3A4OS1zb3VuZGFyYXJhamFuLnBkZgAAEwABLwAAFQACAAn//wAAgAXSHB0eH1gkY2xhc3Nlc1okY2xhc3NuYW1lox8gIV1OU011dGFibGVEYXRhVk5TRGF0YVhOU09iamVjdF8QIFJlZmVyZW5jZXMvcDg5LXNvdW5kYXJhcmFqYW4ucGRm0hwdJCWiJSFcTlNEaWN0aW9uYXJ5EgABhqBfEA9OU0tleWVkQXJjaGl2ZXIACAARABYAHwAoADIANQA6ADwARQBLAFIAXQBlAGwAbwBxAHMAdgB4AHoAfACGAJMAmACgAl4CYAJlAm4CeQJ9AosCkgKbAr4CwwLGAtMC2AAAAAAAAAIBAAAAAAAAACgAAAAAAAAAAAAAAAAAAALq},
	Bdsk-Url-1 = {http://doi.acm.org/10.1145/1217935.1217945}}
